<?xml version="1.0" encoding="UTF-8"?>
<record xmlns="http://www.loc.gov/MARC21/slim" xmlns:zs="http://docs.oasis-open.org/ns/search-ws/sruResponse">
 <leader>
  09669cpcaa22012737a 4500
 </leader>
 <controlfield tag="001">
  12783723
 </controlfield>
 <controlfield tag="005">
  20210720092626.0
 </controlfield>
 <controlfield tag="008">
  020521i19411943dcu                 eng
 </controlfield>
 <datafield ind1=" " ind2=" " tag="906">
  <subfield code="a">
   7
  </subfield>
  <subfield code="b">
   cbc
  </subfield>
  <subfield code="c">
   orignew
  </subfield>
  <subfield code="d">
   u
  </subfield>
  <subfield code="e">
   ncip
  </subfield>
  <subfield code="f">
   20
  </subfield>
  <subfield code="g">
   y-folklife
  </subfield>
 </datafield>
 <datafield ind1=" " ind2=" " tag="955">
  <subfield code="a">
   cker 2002-05-21; mkru 2004-07-16; mkru 2004-07-27; mkru 2004-11-26; mkru 2005-07-13; mkru 2010-08-25; cker 2012-02-10; cker 2012-03-07; mkru 2012-05-09; cker 2012-12-31;
  </subfield>
  <subfield code="a">
   mseg 2013-01-07
  </subfield>
  <subfield code="a">
   mkru 2013-11-21;
  </subfield>
  <subfield code="a">
   mkru 2015-11-17
  </subfield>
  <subfield code="a">
   mkru 2016-01-13
  </subfield>
  <subfield code="a">
   mseg 2021-07-20
  </subfield>
 </datafield>
 <datafield ind1=" " ind2=" " tag="010">
  <subfield code="a">
   2002522628
  </subfield>
 </datafield>
 <datafield ind1=" " ind2=" " tag="040">
  <subfield code="a">
   DLC
  </subfield>
  <subfield code="c">
   DLC
  </subfield>
  <subfield code="d">
   DLC
  </subfield>
  <subfield code="e">
   appm
  </subfield>
  <subfield code="d">
   DLC
  </subfield>
 </datafield>
 <datafield ind1=" " ind2=" " tag="043">
  <subfield code="a">
   n-us-ms
  </subfield>
  <subfield code="a">
   n-us-tn
  </subfield>
  <subfield code="a">
   n-us-ar
  </subfield>
 </datafield>
 <datafield ind1=" " ind2=" " tag="090">
  <subfield code="a">
   IDC 42133
  </subfield>
 </datafield>
 <datafield ind1=" " ind2=" " tag="090">
  <subfield code="a">
   AFS 04757-04782a; 06109; 06604-06673
  </subfield>
 </datafield>
 <datafield ind1=" " ind2=" " tag="090">
  <subfield code="a">
   LWO 4872 R328B-332A; LWO 3493; LWO 4872 R415A-424B; LWO 12252 R2 (preservation copy of AFS 03412)
  </subfield>
 </datafield>
 <datafield ind1=" " ind2=" " tag="090">
  <subfield code="a">
   AFC 1941/002
  </subfield>
 </datafield>
 <datafield ind1="0" ind2="0" tag="245">
  <subfield code="a">
   Library of Congress and Fisk University Mississippi Delta collection,
  </subfield>
  <subfield code="f">
   1941-1943 /
  </subfield>
  <subfield code="c">
   collected by Alan Lomax for Archive of American Folk Song, Library of Congress, and by members of the Fisk University faculty.
  </subfield>
 </datafield>
 <datafield ind1="3" ind2="0" tag="246">
  <subfield code="a">
   Fisk University Mississippi Delta collection
  </subfield>
 </datafield>
 <datafield ind1="0" ind2="3" tag="246">
  <subfield code="a">
   Library of Congress / Fisk University Mississippi Delta collection
  </subfield>
 </datafield>
 <datafield ind1="1" ind2="3" tag="246">
  <subfield code="a">
   Coahoma County, Mississippi, field project, 1941-1942
  </subfield>
 </datafield>
 <datafield ind1=" " ind2=" " tag="300">
  <subfield code="a">
   493
  </subfield>
  <subfield code="f">
   items.
  </subfield>
 </datafield>
 <datafield ind1=" " ind2=" " tag="300">
  <subfield code="a">
   1
  </subfield>
  <subfield code="f">
   container plus
  </subfield>
  <subfield code="a">
   1
  </subfield>
  <subfield code="f">
   oversize.
  </subfield>
 </datafield>
 <datafield ind1=" " ind2=" " tag="300">
  <subfield code="a">
   3.5
  </subfield>
  <subfield code="f">
   linear feet.
  </subfield>
 </datafield>
 <datafield ind1=" " ind2=" " tag="300">
  <subfield code="3">
   manuscripts
  </subfield>
  <subfield code="a">
   34 folders
  </subfield>
  <subfield code="f">
   1 box.
  </subfield>
 </datafield>
 <datafield ind1=" " ind2=" " tag="300">
  <subfield code="3">
   sound recordings
  </subfield>
  <subfield code="a">
   10 sound discs :
  </subfield>
  <subfield code="b">
   analog, 78 rpm, mono. ;
  </subfield>
  <subfield code="c">
   12 in.
  </subfield>
 </datafield>
 <datafield ind1=" " ind2=" " tag="300">
  <subfield code="3">
   sound recordings
  </subfield>
  <subfield code="a">
   87 sound discs :
  </subfield>
  <subfield code="b">
   analog, 78 rpm, mono. ;
  </subfield>
  <subfield code="c">
   16 in.
  </subfield>
 </datafield>
 <datafield ind1=" " ind2=" " tag="300">
  <subfield code="3">
   graphic images (music, oversize)
  </subfield>
  <subfield code="a">
   46 negative prints :
  </subfield>
  <subfield code="b">
   black and white ;
  </subfield>
  <subfield code="c">
   54 x 37 cm and smaller.
  </subfield>
 </datafield>
 <datafield ind1=" " ind2=" " tag="351">
  <subfield code="a">
   Organized by format into the following series: I. Manuscripts; II. Sound Recordings.
  </subfield>
 </datafield>
 <datafield ind1=" " ind2=" " tag="545">
  <subfield code="a">
   In 1941 and 1942 the Library of Congress and Fisk University of Nashville, Tennessee, jointly undertook a sociological study of African American communities centered in Coahoma County, Mississippi, in the Mississippi Delta region. The project resulted in a number of documents, sound recordings, and motion picture footage now held in several collections at the American Folklife Center with related materials at other institutions.  The Coahoma County, Mississippi, field project, 1941-1942 was led by Alan Lomax, head of the Archive of American Folk Song at the Library of Congress, and by Fisk University faculty members including Charles S. Johnson, John Wesley Work III and Lewis Wade Jones.
  </subfield>
 </datafield>
 <datafield ind1=" " ind2=" " tag="520">
  <subfield code="a">
   The collection consists of a portion of the materials generated by a joint field project in Coahoma County, Mississippi, 1941-1942, conducted by the Archive of American Folk Song, Library of Congress and Fisk University.  Field recordings were made of secular and religious music, sermons, testimonies, church services, children's games, singing games, jokes, folktales, interviews, toasts, hollers, blues, and dance music in African American communities in Mississippi. Some audio recordings were made by Alan Lomax and John W. Work at Work's home in Nashville, Tennessee; and a few were recorded by Lomax in Arkansas. The collection includes recording logs, reports, and correspondence related to the project by Alan Lomax, Charles S. Johnson, John W. Work, a memo from Lewis W. Jones, and other correspondence.  Manuscripts include a transcript of an interview with S. L. Mangham, who talks about W. C. Handy. Also included are negative photostats of song transcriptions by John W. Work (1943), including many songs that were recorded during this project.
  </subfield>
 </datafield>
 <datafield ind1="8" ind2=" " tag="524">
  <subfield code="a">
   The Library of Congress and Fisk University Mississippi Delta collection (AFC 1941/002), Archive of Folk Culture, American Folklife Center, Library of Congress.
  </subfield>
 </datafield>
 <datafield ind1="0" ind2=" " tag="506">
  <subfield code="a">
   Collection is open for research. To request materials, please contact the Folklife Reading Room at
  </subfield>
  <subfield code="u">
   http://hdl.loc.gov/loc.afc/folklife.contact
  </subfield>
 </datafield>
 <datafield ind1=" " ind2=" " tag="530">
  <subfield code="a">
   Interview with former slave George Johnson, Mound Bayou, Mississippi, September 1941 is available online in the presentation Voices from the Days of Slavery
  </subfield>
  <subfield code="u">
   http://hdl.loc.gov/loc.afc/collafc.af000006
  </subfield>
 </datafield>
 <datafield ind1=" " ind2=" " tag="530">
  <subfield code="a">
   Alan Lomax Collection (AFC 2004/004) folders with correspondence, field notes, and other manuscripts related to the Fisk University field project
  </subfield>
  <subfield code="u">
   http://www.loc.gov/collections/alan-lomax-manuscripts/about-this-collection/
  </subfield>
 </datafield>
 <datafield ind1=" " ind2=" " tag="540">
  <subfield code="a">
   Duplication of the recorded materials may be governed by copyright and other restrictions.
  </subfield>
 </datafield>
 <datafield ind1="1" ind2=" " tag="544">
  <subfield code="a">
   Correspondence and field notes related to this field project are found in John A. Lomax and Alan Lomax Papers, 1932-1942 (AFC 1933/001). During this field project, Alan Lomax shot 8 minutes, 29 seconds of color silent film in Coahoma County, Mississippi in 1942 of children's games and of David "Honeyboy" Edwards (see AFC 1990/017).  Disc sleeves for some of these recordings with manuscript notes by Alan Lomax and others are located in Archive of Folk Song Audio Disc Sleeves (AFC 9999/008).
  </subfield>
 </datafield>
 <datafield ind1="1" ind2=" " tag="544">
  <subfield code="n">
   Additional correspondence and field notes related to this field project are found in the Alan Lomax Collection (AFC 2004/004) online, see folders afc2004004.ms070353; afc2004004.ms070309; afc2004004.ms070315 and Lomax's manuscripts for his book, The Land Where the Blues Began.
  </subfield>
 </datafield>
 <datafield ind1="0" ind2=" " tag="555">
  <subfield code="a">
   Finding aid is available in the Folklife Reading Room and online
  </subfield>
  <subfield code="u">
   http://hdl.loc.gov/loc.afc/eadafc.af013010
  </subfield>
 </datafield>
 <datafield ind1=" " ind2=" " tag="581">
  <subfield code="a">
   Lomax, Alan. The Land Where the Blues Began (New York : Pantheon Books, c1993).
  </subfield>
 </datafield>
 <datafield ind1=" " ind2=" " tag="581">
  <subfield code="a">
   Selected materials from this collection and the Alan Lomax Collection published in: Gordon, Robert and Bruce Nemerov, eds. Lost Delta Found: Rediscovering the Fisk University - Library of Congress Coahoma County Study, 1941-1942. Nashville: Vanderbilt University Press, 2005.
  </subfield>
 </datafield>
 <datafield ind1="1" ind2="0" tag="600">
  <subfield code="a">
   Lomax, Alan,
  </subfield>
  <subfield code="d">
   1915-2002
  </subfield>
  <subfield code="v">
   Correspondence.
  </subfield>
 </datafield>
 <datafield ind1="1" ind2="0" tag="600">
  <subfield code="a">
   Botkin, Benjamin Albert,
  </subfield>
  <subfield code="d">
   1901-1975
  </subfield>
  <subfield code="v">
   Correspondence.
  </subfield>
 </datafield>
 <datafield ind1="1" ind2="0" tag="600">
  <subfield code="a">
   House, Son
  </subfield>
  <subfield code="v">
   Correspondence.
  </subfield>
 </datafield>
 <datafield ind1="1" ind2="0" tag="600">
  <subfield code="a">
   Johnson, Charles Spurgeon,
  </subfield>
  <subfield code="d">
   1893-1956
  </subfield>
  <subfield code="v">
   Correspondence.
  </subfield>
 </datafield>
 <datafield ind1="1" ind2="0" tag="600">
  <subfield code="a">
   Jones, Lewis Wade,
  </subfield>
  <subfield code="d">
   1910-1979
  </subfield>
  <subfield code="v">
   Correspondence.
  </subfield>
 </datafield>
 <datafield ind1="1" ind2="0" tag="600">
  <subfield code="a">
   Work, John W.
  </subfield>
  <subfield code="q">
   (John Wesley),
  </subfield>
  <subfield code="d">
   1901-1967
  </subfield>
  <subfield code="v">
   Correspondence.
  </subfield>
 </datafield>
 <datafield ind1="0" ind2="0" tag="600">
  <subfield code="a">
   Muddy Waters,
  </subfield>
  <subfield code="d">
   1915-1983
  </subfield>
  <subfield code="v">
   Correspondence.
  </subfield>
 </datafield>
 <datafield ind1="1" ind2="0" tag="600">
  <subfield code="a">
   Schmidt, Harold C.
  </subfield>
  <subfield code="v">
   Correspondence.
  </subfield>
 </datafield>
 <datafield ind1="1" ind2="0" tag="600">
  <subfield code="a">
   Spivacke, Harold,
  </subfield>
  <subfield code="d">
   1904-1977
  </subfield>
  <subfield code="v">
   Correspondence.
  </subfield>
 </datafield>
 <datafield ind1="1" ind2="0" tag="600">
  <subfield code="a">
   Jones, Thomas Elsa
  </subfield>
  <subfield code="v">
   Correspondence.
  </subfield>
 </datafield>
 <datafield ind1=" " ind2="0" tag="650">
  <subfield code="a">
   African Americans
  </subfield>
  <subfield code="z">
   Mississippi
  </subfield>
  <subfield code="z">
   Delta (Region)
  </subfield>
  <subfield code="v">
   Music
  </subfield>
 </datafield>
 <datafield ind1=" " ind2="0" tag="650">
  <subfield code="a">
   African Americans
  </subfield>
  <subfield code="z">
   Mississippi
  </subfield>
  <subfield code="z">
   Delta (Region)
  </subfield>
  <subfield code="x">
   Religion.
  </subfield>
 </datafield>
 <datafield ind1=" " ind2="0" tag="650">
  <subfield code="a">
   African Americans
  </subfield>
  <subfield code="z">
   Mississippi
  </subfield>
  <subfield code="z">
   Delta (Region)
  </subfield>
  <subfield code="x">
   Folklore.
  </subfield>
 </datafield>
 <datafield ind1=" " ind2="0" tag="650">
  <subfield code="a">
   Folk music
  </subfield>
  <subfield code="z">
   Mississippi
  </subfield>
  <subfield code="z">
   Delta (Region)
  </subfield>
 </datafield>
 <datafield ind1=" " ind2="0" tag="650">
  <subfield code="a">
   Blues (Music)
  </subfield>
  <subfield code="y">
   1941-1950.
  </subfield>
 </datafield>
 <datafield ind1=" " ind2="0" tag="650">
  <subfield code="a">
   Blues (Music)
  </subfield>
  <subfield code="z">
   Mississippi
  </subfield>
  <subfield code="z">
   Coahoma County.
  </subfield>
 </datafield>
 <datafield ind1=" " ind2="0" tag="650">
  <subfield code="a">
   Gospel music
  </subfield>
  <subfield code="z">
   Mississippi
  </subfield>
  <subfield code="z">
   Coahoma County.
  </subfield>
 </datafield>
 <datafield ind1=" " ind2="0" tag="650">
  <subfield code="a">
   African American children's games
  </subfield>
  <subfield code="z">
   Mississippi.
  </subfield>
 </datafield>
 <datafield ind1=" " ind2="0" tag="650">
  <subfield code="a">
   Spirituals (Songs)
  </subfield>
  <subfield code="z">
   Mississippi.
  </subfield>
 </datafield>
 <datafield ind1=" " ind2="0" tag="650">
  <subfield code="a">
   Ballads, English
  </subfield>
  <subfield code="z">
   Mississippi.
  </subfield>
 </datafield>
 <datafield ind1=" " ind2="0" tag="650">
  <subfield code="a">
   Folk songs, English
  </subfield>
  <subfield code="z">
   Mississippi.
  </subfield>
 </datafield>
 <datafield ind1=" " ind2="0" tag="650">
  <subfield code="a">
   Work songs
  </subfield>
  <subfield code="z">
   Mississippi.
  </subfield>
 </datafield>
 <datafield ind1=" " ind2="0" tag="650">
  <subfield code="a">
   Railroads
  </subfield>
  <subfield code="v">
   Songs and music .
  </subfield>
 </datafield>
 <datafield ind1=" " ind2="0" tag="650">
  <subfield code="a">
   Singing games
  </subfield>
  <subfield code="z">
   Mississippi
  </subfield>
  <subfield code="z">
   Coahoma County.
  </subfield>
 </datafield>
 <datafield ind1=" " ind2="0" tag="650">
  <subfield code="a">
   Tales
  </subfield>
  <subfield code="z">
   Mississippi
  </subfield>
  <subfield code="z">
   Coahoma County.
  </subfield>
 </datafield>
 <datafield ind1=" " ind2="0" tag="650">
  <subfield code="a">
   Hymns, English
  </subfield>
  <subfield code="z">
   Mississippi.
  </subfield>
 </datafield>
 <datafield ind1=" " ind2="0" tag="650">
  <subfield code="a">
   Games
  </subfield>
  <subfield code="z">
   Mississippi
  </subfield>
  <subfield code="z">
   Coahoma County.
  </subfield>
 </datafield>
 <datafield ind1=" " ind2="0" tag="650">
  <subfield code="a">
   African American children
  </subfield>
  <subfield code="z">
   Mississippi
  </subfield>
  <subfield code="z">
   Coahoma County
  </subfield>
  <subfield code="x">
   Social life and customs.
  </subfield>
 </datafield>
 <datafield ind1=" " ind2="0" tag="650">
  <subfield code="a">
   Toasts (African American folk poetry)
  </subfield>
  <subfield code="z">
   Mississippi.
  </subfield>
 </datafield>
 <datafield ind1=" " ind2="0" tag="650">
  <subfield code="a">
   African Americans
  </subfield>
  <subfield code="z">
   Mississippi
  </subfield>
  <subfield code="z">
   Delta (Region)
  </subfield>
  <subfield code="x">
   Social life and customs.
  </subfield>
 </datafield>
 <datafield ind1=" " ind2="0" tag="651">
  <subfield code="a">
   Coahoma County (Miss.)
  </subfield>
  <subfield code="x">
   Social life and customs.
  </subfield>
 </datafield>
 <datafield ind1=" " ind2="0" tag="651">
  <subfield code="a">
   Coahoma County (Miss.)
  </subfield>
  <subfield code="x">
   Religious life and customs.
  </subfield>
 </datafield>
 <datafield ind1=" " ind2="0" tag="651">
  <subfield code="a">
   Delta (Miss. : Region)
  </subfield>
  <subfield code="x">
   Social life and customs.
  </subfield>
 </datafield>
 <datafield ind1=" " ind2="0" tag="650">
  <subfield code="a">
   Field recordings
  </subfield>
  <subfield code="z">
   Mississippi.
  </subfield>
 </datafield>
 <datafield ind1=" " ind2="0" tag="650">
  <subfield code="a">
   Field recordings
  </subfield>
  <subfield code="z">
   Tennessee.
  </subfield>
 </datafield>
 <datafield ind1=" " ind2="0" tag="650">
  <subfield code="a">
   Field recordings
  </subfield>
  <subfield code="z">
   Arkansas.
  </subfield>
 </datafield>
 <datafield ind1=" " ind2="7" tag="655">
  <subfield code="a">
   Interviews (Sound recordings)
  </subfield>
  <subfield code="2">
   lcgft
  </subfield>
 </datafield>
 <datafield ind1=" " ind2="7" tag="655">
  <subfield code="a">
   Correspondence.
  </subfield>
  <subfield code="2">
   aat
  </subfield>
 </datafield>
 <datafield ind1=" " ind2="7" tag="655">
  <subfield code="a">
   Sermons.
  </subfield>
  <subfield code="2">
   aat
  </subfield>
 </datafield>
 <datafield ind1=" " ind2="7" tag="655">
  <subfield code="a">
   Prayers.
  </subfield>
  <subfield code="2">
   aat
  </subfield>
 </datafield>
 <datafield ind1=" " ind2="7" tag="655">
  <subfield code="a">
   Hymns.
  </subfield>
  <subfield code="2">
   lcgft
  </subfield>
 </datafield>
 <datafield ind1=" " ind2="7" tag="655">
  <subfield code="a">
   Field hollers.
  </subfield>
  <subfield code="2">
   afset
  </subfield>
 </datafield>
 <datafield ind1=" " ind2="7" tag="655">
  <subfield code="a">
   Toasts (narrative poetry)
  </subfield>
  <subfield code="2">
   afset
  </subfield>
 </datafield>
 <datafield ind1=" " ind2="7" tag="655">
  <subfield code="a">
   Dr. Watts hymn singing.
  </subfield>
  <subfield code="2">
   afset
  </subfield>
 </datafield>
 <datafield ind1=" " ind2="7" tag="655">
  <subfield code="a">
   Sound recordings.
  </subfield>
  <subfield code="2">
   aat
  </subfield>
 </datafield>
 <datafield ind1=" " ind2="7" tag="655">
  <subfield code="a">
   Field recordings.
  </subfield>
  <subfield code="2">
   lcgft
  </subfield>
 </datafield>
 <datafield ind1=" " ind2="7" tag="655">
  <subfield code="a">
   Scores.
  </subfield>
  <subfield code="2">
   aat
  </subfield>
 </datafield>
 <datafield ind1=" " ind2="7" tag="655">
  <subfield code="a">
   Music transcriptions.
  </subfield>
  <subfield code="2">
   afset
  </subfield>
 </datafield>
 <datafield ind1=" " ind2="7" tag="655">
  <subfield code="a">
   Negative prints.
  </subfield>
  <subfield code="2">
   gmgpc
  </subfield>
 </datafield>
 <datafield ind1="1" ind2=" " tag="700">
  <subfield code="a">
   Lomax, Alan,
  </subfield>
  <subfield code="d">
   1915-2002,
  </subfield>
  <subfield code="e">
   interviewer.
  </subfield>
 </datafield>
 <datafield ind1="1" ind2=" " tag="700">
  <subfield code="a">
   Work, John W.
  </subfield>
  <subfield code="q">
   (John Wesley),
  </subfield>
  <subfield code="d">
   1901-1967,
  </subfield>
  <subfield code="e">
   interviewer.
  </subfield>
 </datafield>
 <datafield ind1="1" ind2=" " tag="700">
  <subfield code="a">
   Jones, Lewis Wade,
  </subfield>
  <subfield code="d">
   1910-1979,
  </subfield>
  <subfield code="e">
   interviewer.
  </subfield>
 </datafield>
 <datafield ind1="1" ind2=" " tag="700">
  <subfield code="a">
   Sturz, Elizabeth Lyttleton,
  </subfield>
  <subfield code="e">
   interviewer.
  </subfield>
 </datafield>
 <datafield ind1="1" ind2=" " tag="700">
  <subfield code="a">
   Johnson, Charles Spurgeon,
  </subfield>
  <subfield code="d">
   1893-1956,
  </subfield>
  <subfield code="e">
   interviewer.
  </subfield>
 </datafield>
 <datafield ind1="1" ind2=" " tag="700">
  <subfield code="a">
   Johnson, George,
  </subfield>
  <subfield code="e">
   interviewee.
  </subfield>
 </datafield>
 <datafield ind1="1" ind2=" " tag="700">
  <subfield code="a">
   Edwards, Honeyboy,
  </subfield>
  <subfield code="e">
   performer,
  </subfield>
  <subfield code="e">
   interviewee.
  </subfield>
 </datafield>
 <datafield ind1="1" ind2=" " tag="700">
  <subfield code="a">
   House, Son,
  </subfield>
  <subfield code="e">
   performer.
  </subfield>
 </datafield>
 <datafield ind1="0" ind2=" " tag="700">
  <subfield code="a">
   Muddy Waters,
  </subfield>
  <subfield code="d">
   1915-1983,
  </subfield>
  <subfield code="e">
   performer.
  </subfield>
 </datafield>
 <datafield ind1="1" ind2=" " tag="700">
  <subfield code="a">
   Hemphill, Sid,
  </subfield>
  <subfield code="d">
   1876-1963,
  </subfield>
  <subfield code="e">
   performer.
  </subfield>
 </datafield>
 <datafield ind1="1" ind2=" " tag="700">
  <subfield code="a">
   Mangham, S. L.,
  </subfield>
  <subfield code="e">
   interviewee.
  </subfield>
 </datafield>
 <datafield ind1="2" ind2=" " tag="710">
  <subfield code="a">
   Archive of American Folk Song,
  </subfield>
  <subfield code="e">
   collector.
  </subfield>
 </datafield>
 <datafield ind1="2" ind2=" " tag="710">
  <subfield code="a">
   Fisk University,
  </subfield>
  <subfield code="e">
   collector.
  </subfield>
 </datafield>
 <datafield ind1=" " ind2=" " tag="852">
  <subfield code="a">
   Library of Congress
  </subfield>
  <subfield code="b">
   Archive of Folk Culture, American Folklife Center,
  </subfield>
  <subfield code="e">
   101 Independence Ave. S.E., Washington, DC USA 20540-4610
  </subfield>
 </datafield>
 <datafield ind1="4" ind2="2" tag="856">
  <subfield code="3">
   Finding aid
  </subfield>
  <subfield code="u">
   http://hdl.loc.gov/loc.afc/eadafc.af013010
  </subfield>
 </datafield>
 <datafield ind1="4" ind2="2" tag="856">
  <subfield code="3">
   Selected interview in Voices from the days of slavery, former slaves' narratives
  </subfield>
  <subfield code="u">
   http://hdl.loc.gov/loc.afc/collafc.af000006
  </subfield>
 </datafield>
 <datafield ind1="4" ind2="2" tag="856">
  <subfield code="3">
   Alan Lomax collection
  </subfield>
  <subfield code="u">
   http://www.loc.gov/collections/alan-lomax-manuscripts/about-this-collection/
  </subfield>
 </datafield>
 <datafield ind1=" " ind2=" " tag="985">
  <subfield code="a">
   afc/ead
  </subfield>
 </datafield>
 <datafield ind1=" " ind2=" " tag="985">
  <subfield code="a">
   afc/coll
  </subfield>
 </datafield>
</record>
